@article{cosinor,
  title={Cosinor-based rhythmometry},
  author={Cornelissen, Germaine},
  journal={Theoretical Biology and Medical Modelling},
  volume={11},
  pages={1--24},
  year={2014},
  publisher={Springer}
}

@article{iv-is,
  title={Alterations in the circadian rest-activity rhythm in aging and Alzheimer's disease},
  author={Witting, Wil and Kwa, IH and Eikelenboom, Pieter and Mirmiran, Majid and Swaab, Dick F},
  journal={Biological psychiatry},
  volume={27},
  number={6},
  pages={563--572},
  year={1990},
  publisher={Elsevier}
}

@article{danilevicz2024measures,
  title={Measures of fragmentation of rest activity patterns: mathematical properties and interpretability based on accelerometer real life data},
  author={Danilevicz, Ian Meneghel and van Hees, Vincent Theodoor and van der Heide, Frank CT and Jacob, Louis and Landr{\'e}, Benjamin and Benadjaoud, Mohamed Amine and Sabia, S{\'e}verine},
  journal={BMC medical research methodology},
  volume={24},
  number={1},
  pages={132},
  year={2024},
  publisher={Springer}
}

@article{ferreira2019circadian,
  title={Circadian ontogeny through the lens of nonparametric variables of actigraphy},
  author={Ferreira, Ana Beatriz Damiani and Schaedler, Thais and Mendes, Juliana Viana and Anacleto, T{\^a}mile Stella and Louzada, Fernando Mazzilli},
  journal={Chronobiology International},
  volume={36},
  number={9},
  pages={1184--1189},
  year={2019},
  publisher={Taylor \& Francis}
}

@article{rock2014daily,
  title={Daily rest-activity patterns in the bipolar phenotype: a controlled actigraphy study},
  author={Rock, Philippa and Goodwin, Guy and Harmer, Catherine and Wulff, Katharina},
  journal={Chronobiology international},
  volume={31},
  number={2},
  pages={290--296},
  year={2014},
  publisher={Taylor \& Francis}
}

@article{shim2024circadian,
  title={Circadian rhythm analysis using wearable-based accelerometry as a digital biomarker of aging and healthspan},
  author={Shim, Jinjoo and Fleisch, Elgar and Barata, Filipe},
  journal={npj Digital Medicine},
  volume={7},
  number={1},
  pages={146},
  year={2024},
  publisher={Nature Publishing Group UK London}
}

@article{cole1992automatic,
  title={Automatic sleep/wake identification from wrist activity},
  author={Cole, Roger J and Kripke, Daniel F and Gruen, William and Mullaney, Daniel J and Gillin, J Christian},
  journal={Sleep},
  volume={15},
  number={5},
  pages={461--469},
  year={1992},
  publisher={Oxford University Press}
}

@article{fischer2021measuring,
  title={Measuring sleep regularity: theoretical properties and practical usage of existing metrics},
  author={Fischer, Dorothee and Klerman, Elizabeth B and Phillips, Andrew JK},
  journal={Sleep},
  volume={44},
  number={10},
  pages={zsab103},
  year={2021},
  publisher={Oxford University Press US}
}

@article{dupre2023relationship,
  title={Relationship between moderate-to-vigorous, light intensity physical activity and sedentary behavior in a prospective cohort of older French adults: a 18-year follow-up of mortality and cardiovascular eventsâ”€ the PROOF cohort study},
  author={Dupr{\'e}, Caroline and Br{\'e}g{\`e}re, Marl{\`e}ne and Berger, Mathieu and Pichot, Vincent and Celle, S{\'e}bastien and Garet, Martin and Fundenberger, Herv{\'e} and Barth, Nathalie and Guyot, Jessica and Bongue, Bienvenu and others},
  journal={Frontiers in Public Health},
  volume={11},
  pages={1182552},
  year={2023},
  publisher={Frontiers Media SA}
}

@article{bakrania2016intensity,
  title={Intensity thresholds on raw acceleration data: Euclidean norm minus one (ENMO) and mean amplitude deviation (MAD) approaches},
  author={Bakrania, Kishan and Yates, Thomas and Rowlands, Alex V and Esliger, Dale W and Bunnewell, Sarah and Sanders, James and Davies, Melanie and Khunti, Kamlesh and Edwardson, Charlotte L},
  journal={PloS one},
  volume={11},
  number={10},
  pages={e0164045},
  year={2016},
  publisher={Public Library of Science San Francisco, CA USA}
}

@article{cox1972regression,
  title={Regression models and life-tables},
  author={Cox, David R},
  journal={Journal of the Royal Statistical Society: Series B (Methodological)},
  volume={34},
  number={2},
  pages={187--202},
  year={1972},
  publisher={Wiley Online Library}
}

@misc{axivity,
	author = {Hammerla, Ploetz},
	title = {Standard Procedures for (Wrist	Worn) Accelerometry},
	howpublished = {\url{https://axivity.com/files/resources/StandardProceduresforAccelerometry.pdf}},
	year = {},
	note = {[Accessed 11-12-2024]},
}

@article{van2014autocalibration,
  title={Autocalibration of accelerometer data for free-living physical activity assessment using local gravity and temperature: an evaluation on four continents},
  author={Van Hees, Vincent T and Fang, Zhou and Langford, Joss and Assah, Felix and Mohammad, Anwar and Da Silva, Inacio CM and Trenell, Michael I and White, Tom and Wareham, Nicholas J and Brage, S{\o}ren},
  journal={Journal of applied physiology},
  volume={117},
  number={7},
  pages={738--744},
  year={2014},
  publisher={American Physiological Society Bethesda, MD}
}

@article{van2013separating,
  title={Separating movement and gravity components in an acceleration signal and implications for the assessment of human daily physical activity},
  author={Van Hees, Vincent T and Gorzelniak, Lukas and Dean Le{\'o}n, Emmanuel Carlos and Eder, Martin and Pias, Marcelo and Taherian, Salman and Ekelund, Ulf and Renstr{\"o}m, Frida and Franks, Paul W and Horsch, Alexander and others},
  journal={PloS one},
  volume={8},
  number={4},
  pages={e61691},
  year={2013},
  publisher={Public Library of Science San Francisco, USA}
}

@article{van2011estimation,
  title={Estimation of daily energy expenditure in pregnant and non-pregnant women using a wrist-worn tri-axial accelerometer},
  author={van Hees, Vincent T and Renstr{\"o}m, Frida and Wright, Antony and Gradmark, Anna and Catt, Michael and Chen, Kong Y and L{\"o}f, Marie and Bluck, Les and Pomeroy, Jeremy and Wareham, Nicholas J and others},
  journal={PloS one},
  volume={6},
  number={7},
  pages={e22922},
  year={2011},
  publisher={Public Library of Science San Francisco, USA}
}

@article{da2014physical,
  title={Physical activity levels in three Brazilian birth cohorts as assessed with raw triaxial wrist accelerometry},
  author={da Silva, Inacio CM and van Hees, Vincent T and Ramires, Virg{\'\i}lio V and Knuth, Alan G and Bielemann, Renata M and Ekelund, Ulf and Brage, Soren and Hallal, Pedro C},
  journal={International journal of epidemiology},
  volume={43},
  number={6},
  pages={1959--1968},
  year={2014},
  publisher={Oxford University Press}
}

@article{adamowicz2022scikit,
  title={SciKit digital health: Python package for streamlined wearable inertial sensor data processing},
  author={Adamowicz, Lukas and Christakis, Yiorgos and Czech, Matthew D and Adamusiak, Tomasz},
  journal={JMIR mHealth and uHealth},
  volume={10},
  number={4},
  pages={e36762},
  year={2022},
  publisher={JMIR Publications Toronto, Canada}
}

@article{movskon2020cosinorpy,
  title={CosinorPy: a python package for cosinor-based rhythmometry},
  author={Mo{\v{s}}kon, Miha},
  journal={BMC bioinformatics},
  volume={21},
  number={1},
  pages={485},
  year={2020},
  publisher={Springer}
}

@article{hammad2021pyactigraphy,
  title={pyActigraphy: Open-source python package for actigraphy data visualization and analysis},
  author={Hammad, Gr{\'e}gory and Reyt, Mathilde and Beliy, Nikita and Baillet, Marion and Deantoni, Michele and Lesoinne, Alexia and Muto, Vincenzo and Schmidt, Christina},
  journal={PLoS Computational Biology},
  volume={17},
  number={10},
  pages={e1009514},
  year={2021},
  publisher={Public Library of Science San Francisco, CA USA}
}

@misc{actipy,
  author       = {Antonis Papazoglou and OxWearables contributors},
  title        = {actipy: Python package to process accelerometer data},
  year         = {2021},
  howpublished = {\url{https://github.com/OxWearables/actipy}},
}

@article{movskon2020cosinorpy,
  title={CosinorPy: a python package for cosinor-based rhythmometry},
  author={Mo{\v{s}}kon, Miha},
  journal={BMC bioinformatics},
  volume={21},
  number={1},
  pages={485},
  year={2020},
  publisher={Springer}
}

@article{ggir,
  title = {{GGIR}: Raw Accelerometer Data Analysis},
  author = {Vincent T {van Hees} and Jairo H Migueles and Severine Sabia and Matthew R Patterson and Zhou Fang and Joe Heywood and Joan {Capdevila Pujol} and Lena Kushleyeva and Mathilde Chen and Manasa Yerramalla and Patrick Bos and Taren Sanders and Chenxuan Zhao and Ian {Meneghel Danilevicz} and Victor {Barreto Mesquita} and Gaia Segantin and {Medical Research Council UK} and {Accelting} and {French National Research Agency}},
  year = {2025},
  note = {R package version 3.2-10},
  doi = {10.5281/zenodo.1051064},
  url = {https://zenodo.org/records/1051064},
}

@ARTICLE{wu2025comp,
  author={Wu, Fan and Langer, Patrick and Shim, Jinjoo and Fleisch, Elgar and Barata, Filipe},
  journal={IEEE Journal of Biomedical and Health Informatics}, 
  title={Comparative Efficacy of Commercial Wearables for Circadian Rhythm Home Monitoring From Activity, Heart Rate, and Core Body Temperature}, 
  year={2025},
  volume={29},
  number={2},
  pages={900-908},
  keywords={Circadian rhythm;Sensors;Temperature measurement;Monitoring;Wearable Health Monitoring Systems;Heart beat;Temperature sensors;Rail to rail inputs;Skin;Servers;Circadian rhythm;core body temperature;heart rate;heart rate variability;physical activity;healthcare;chronotype;wearable;digital biomarker;smartwatch},
  doi={10.1109/JBHI.2024.3471254}}

@misc{shim2025wrist,
  author       = {Shim, Jinjoo and Bishehsari, Faraz and Mahdavinia, Mahboobeh and Zeitzer, Jamie},
  title        = {From Wrist Data to Lifespan: Elucidating Inflammation-Driven Biological Ageing Via Activity Rhythms Captured by Wearable Devices},
  howpublished = {SSRN preprint},
  institution  = {SSRN},
  year         = {2025},
  month        = jul,
  note         = {Posted: 9 July 2025},
  url          = {https://papers.ssrn.com/sol3/papers.cfm?abstract_id=5341710},
}
